@ARTICLE{Braun92,
   author = {{Braun}, R. and {Walterbos}, R.~A.~M.},
    title = "{Physical properties of neutral gas in M31 and the Galaxy}",
  journal = {\apj},
 keywords = {ANDROMEDA GALAXY, EMISSION SPECTRA, H LINES, INTERSTELLAR GAS, MILKY WAY GALAXY, NEUTRAL GASES, ABSORPTION SPECTRA, COMPUTATIONAL ASTROPHYSICS, COSMIC DUST},
     year = 1992,
    month = feb,
   volume = 386,
    pages = {120-138},
      doi = {10.1086/170998},
   adsurl = {http://adsabs.harvard.edu/abs/1992ApJ...386..120B},
  adsnote = {Provided by the SAO/NASA Astrophysics Data System}
}
@ARTICLE{Cram80,
   author = {{Cram}, T.~R. and {Roberts}, M.~S. and {Whitehurst}, R.~N.},
    title = "{A complete, high-sensitivity 21-cm hydrogen line survey of M31}",
  journal = {\aaps},
 keywords = {ANDROMEDA GALAXY, H LINES, MICROWAVE SPECTRA, RADIO ASTRONOMY, ASTRONOMICAL MAPS, ASTRONOMICAL PHOTOGRAPHY, DATA REDUCTION, GALACTIC ROTATION, HYDROGEN ATOMS, RADIAL VELOCITY, RADIO ANTENNAS, RADIO TELESCOPES, VELOCITY DISTRIBUTION},
     year = 1980,
    month = may,
   volume = 40,
    pages = {215-248},
   adsurl = {http://adsabs.harvard.edu/abs/1980A%26AS...40..215C},
  adsnote = {Provided by the SAO/NASA Astrophysics Data System}
}



@ARTICLE{Nieten06,
   author = {{Nieten}, C. and {Neininger}, N. and {Gu{\'e}lin}, M. and {Ungerechts}, H. and 
	{Lucas}, R. and {Berkhuijsen}, E.~M. and {Beck}, R. and {Wielebinski}, R.
	},
    title = "{Molecular gas in the Andromeda galaxy}",
  journal = {\aap},
   eprint = {arXiv:astro-ph/0512563},
 keywords = {ISM: molecules, galaxies: individual: M 31, galaxies: ISM, galaxies: spiral, radio lines: galaxies},
     year = 2006,
    month = jul,
   volume = 453,
    pages = {459-475},
      doi = {10.1051/0004-6361:20035672},
   adsurl = {http://adsabs.harvard.edu/abs/2006A%26A...453..459N},
  adsnote = {Provided by the SAO/NASA Astrophysics Data System}
}


@ARTICLE{Yin09,
   author = {{Yin}, J. and {Hou}, J.~L. and {Prantzos}, N. and {Boissier}, S. and 
	{Chang}, R.~X. and {Shen}, S.~Y. and {Zhang}, B.},
    title = "{Milky Way versus Andromeda: a tale of two disks}",
  journal = {\aap},
archivePrefix = "arXiv",
   eprint = {0906.4821},
 primaryClass = "astro-ph.GA",
 keywords = {Galaxy: disk, Galaxy: formation, galaxies: evolution, Local Group, galaxies: individual: M 31, galaxies: abundances},
     year = 2009,
    month = oct,
   volume = 505,
    pages = {497-508},
      doi = {10.1051/0004-6361/200912316},
   adsurl = {http://adsabs.harvard.edu/abs/2009A%26A...505..497Y},
  adsnote = {Provided by the SAO/NASA Astrophysics Data System}
}

@INPROCEEDINGS{Kulkarni87,
   author = {{Kulkarni}, S.~R. and {Heiles}, C.},
    title = "{The atomic component}",
 keywords = {GALACTIC STRUCTURE, H I REGIONS, INTERSTELLAR MATTER, MASS DISTRIBUTION, ASTRONOMICAL SPECTROSCOPY, GALACTIC COSMIC RAYS, GALACTIC MASS, INTERSTELLAR EXTINCTION, OPTICAL THICKNESS, TEMPERATURE DISTRIBUTION},
booktitle = {Interstellar Processes},
     year = 1987,
   series = {Astrophysics and Space Science Library},
   volume = 134,
   editor = {{Hollenbach}, D.~J. and {Thronson}, Jr., H.~A.},
    pages = {87-122},
   adsurl = {http://adsabs.harvard.edu/abs/1987ASSL..134...87K},
  adsnote = {Provided by the SAO/NASA Astrophysics Data System}
}

@INPROCEEDINGS{Dame93,
   author = {{Dame}, T.~M.},
    title = "{The distribution of neutral gas in the Milky Way}",
booktitle = {Back to the Galaxy},
     year = 1993,
   series = {American Institute of Physics Conference Series},
   volume = 278,
   editor = {{Holt}, S.~S. and {Verter}, F.},
    pages = {267-278},
      doi = {10.1063/1.43985},
   adsurl = {http://adsabs.harvard.edu/abs/1993AIPC..278..267D},
  adsnote = {Provided by the SAO/NASA Astrophysics Data System}
}

@ARTICLE{Boissier99,
   author = {{Boissier}, S. and {Prantzos}, N.},
    title = "{Chemo-spectrophotometric evolution of spiral galaxies - I. The model and the Milky Way}",
  journal = {\mnras},
   eprint = {arXiv:astro-ph/9902148},
     year = 1999,
    month = aug,
   volume = 307,
    pages = {857-876},
      doi = {10.1046/j.1365-8711.1999.02699.x},
   adsurl = {http://adsabs.harvard.edu/abs/1999MNRAS.307..857B},
  adsnote = {Provided by the SAO/NASA Astrophysics Data System}
}


@ARTICLE{Dehnen1998,
   author = {{Dehnen}, W. and {Binney}, J.},
    title = "{Mass models of the Milky Way}",
  journal = {\mnras},
   eprint = {arXiv:astro-ph/9612059},
 keywords = {MILKY WAY GALAXY, GALACTIC MASS, ASTRONOMICAL MODELS, GALACTIC STRUCTURE, MASS DISTRIBUTION, GALACTIC HALOS, LUMINOSITY, DENSITY DISTRIBUTION},
     year = 1998,
    month = mar,
   volume = 294,
    pages = {429},
      doi = {10.1046/j.1365-8711.1998.01282.x},
   adsurl = {http://adsabs.harvard.edu/abs/1998MNRAS.294..429D},
  adsnote = {Provided by the SAO/NASA Astrophysics Data System}
}



@ARTICLE{Geehan2006,
   author = {{Geehan}, J.~J. and {Fardal}, M.~A. and {Babul}, A. and {Guhathakurta}, P.
	},
    title = "{Investigating the Andromeda stream - I. Simple analytic bulge-disc-halo model for M31}",
  journal = {\mnras},
   eprint = {arXiv:astro-ph/0501240},
 keywords = {galaxies: individual: M31, galaxies: kinematics and dynamics},
     year = 2006,
    month = mar,
   volume = 366,
    pages = {996-1011},
      doi = {10.1111/j.1365-2966.2005.09863.x},
   adsurl = {http://adsabs.harvard.edu/abs/2006MNRAS.366..996G},
  adsnote = {Provided by the SAO/NASA Astrophysics Data System}
}


@ARTICLE{Widrow2005,
   author = {{Widrow}, L.~M. and {Dubinski}, J.},
    title = "{Equilibrium Disk-Bulge-Halo Models for the Milky Way and Andromeda Galaxies}",
  journal = {\apj},
   eprint = {arXiv:astro-ph/0506177},
 keywords = {Cosmology: Dark Matter, Galaxies: Individual: Messier Number: M31, Galaxies: Structure, Galaxy: General, Methods: n-Body Simulations},
     year = 2005,
    month = oct,
   volume = 631,
    pages = {838-855},
      doi = {10.1086/432710},
   adsurl = {http://adsabs.harvard.edu/abs/2005ApJ...631..838W},
  adsnote = {Provided by the SAO/NASA Astrophysics Data System}
}



@ARTICLE{Klypin2002,
   author = {{Klypin}, A. and {Zhao}, H. and {Somerville}, R.~S.},
    title = "{{$\Lambda$}CDM-based Models for the Milky Way and M31. I. Dynamical Models}",
  journal = {\apj},
   eprint = {arXiv:astro-ph/0110390},
 keywords = {Cosmology: Theory, Galaxies: Individual: Messier Number: M31, Galaxy: Structure},
     year = 2002,
    month = jul,
   volume = 573,
    pages = {597-613},
      doi = {10.1086/340656},
   adsurl = {http://adsabs.harvard.edu/abs/2002ApJ...573..597K},
  adsnote = {Provided by the SAO/NASA Astrophysics Data System}
}

