  



@ARTICLE{2011arXiv1107.0017F,
   author = {{Forero-Romero}, J.~E. and {Hoffman}, Y. and {Yepes}, G. and 
	{Gottl{\"o}ber}, S. and {Piontek}, R. and {Klypin}, A. and {Steinmetz}, M.
	},
    title = "{The dark matter assembly of the Local Group in constrained cosmological simulations of a LambdaCDM universe}",
  journal = {ArXiv e-prints},
archivePrefix = "arXiv",
   eprint = {1107.0017},
 primaryClass = "astro-ph.CO",
 keywords = {Astrophysics - Cosmology and Extragalactic Astrophysics, Astrophysics - Galaxy Astrophysics},
     year = 2011,
    month = jun,
   adsurl = {http://adsabs.harvard.edu/abs/2011arXiv1107.0017F},
  adsnote = {Provided by the SAO/NASA Astrophysics Data System}
}


@ARTICLE{2011MNRAS.411..584M,
   author = {{Mu{\~n}oz-Cuartas}, J.~C. and {Macci{\`o}}, A.~V. and {Gottl{\"o}ber}, S. and 
	{Dutton}, A.~A.},
    title = "{The redshift evolution of {$\Lambda$} cold dark matter halo parameters: concentration, spin and shape}",
  journal = {\mnras},
archivePrefix = "arXiv",
   eprint = {1007.0438},
 primaryClass = "astro-ph.CO",
 keywords = {gravitation, methods: numerical, galaxies: haloes, cosmology: theory, dark matter},
     year = 2011,
    month = feb,
   volume = 411,
    pages = {584-594},
      doi = {10.1111/j.1365-2966.2010.17704.x},
   adsurl = {http://adsabs.harvard.edu/abs/2011MNRAS.411..584M},
  adsnote = {Provided by the SAO/NASA Astrophysics Data System}
}






@ARTICLE{1999MNRAS.310..645W,
   author = {{Wilkinson}, M.~I. and {Evans}, N.~W.},
    title = "{The present and future mass of the Milky Way halo}",
  journal = {\mnras},
   eprint = {arXiv:astro-ph/9906197},
 keywords = {GALAXY: FUNDAMENTAL PARAMETERS, GALAXY: HALO, GALAXY: KINEMATICS AND DYNAMICS},
     year = 1999,
    month = dec,
   volume = 310,
    pages = {645-662},
      doi = {10.1046/j.1365-8711.1999.02964.x},
   adsurl = {http://adsabs.harvard.edu/abs/1999MNRAS.310..645W},
  adsnote = {Provided by the SAO/NASA Astrophysics Data System}
}

@ARTICLE{2000MNRAS.316..929E,
   author = {{Evans}, N.~W. and {Wilkinson}, M.~I.},
    title = "{The mass of the Andromeda galaxy}",
  journal = {\mnras},
   eprint = {arXiv:astro-ph/0004187},
 keywords = {CELESTIAL MECHANICS, STELLAR DYNAMICS, GALAXIES: INDIVIDUAL: M31, GALAXIES: KINEMATICS AND DYNAMICS, LOCAL GROUP},
     year = 2000,
    month = aug,
   volume = 316,
    pages = {929-942},
      doi = {10.1046/j.1365-8711.2000.03645.x},
   adsurl = {http://adsabs.harvard.edu/abs/2000MNRAS.316..929E},
  adsnote = {Provided by the SAO/NASA Astrophysics Data System}
}

@ARTICLE{2007arXiv0707.4375T,
   author = {{Tamm}, A. and {Tempel}, E. and {Tenjes}, P.},
    title = "{Visible and dark matter in M31 - I. Properties of stellar components}",
  journal = {ArXiv e-prints},
archivePrefix = "arXiv",
   eprint = {0707.4375},
 keywords = {Astrophysics},
     year = 2007,
    month = jul,
   adsurl = {http://adsabs.harvard.edu/abs/2007arXiv0707.4375T},
  adsnote = {Provided by the SAO/NASA Astrophysics Data System}
}


@ARTICLE{2006ApJ...650L..45B,
   author = {{Barmby}, P. and {Ashby}, M.~L.~N. and {Bianchi}, L. and {Engelbracht}, C.~W. and 
	{Gehrz}, R.~D. and {Gordon}, K.~D. and {Hinz}, J.~L. and {Huchra}, J.~P. and 
	{Humphreys}, R.~M. and {Pahre}, M.~A. and {P{\'e}rez-Gonz{\'a}lez}, P.~G. and 
	{Polomski}, E.~F. and {Rieke}, G.~H. and {Thilker}, D.~A. and 
	{Willner}, S.~P. and {Woodward}, C.~E.},
    title = "{Dusty Waves on a Starry Sea: The Mid-Infrared View of M31}",
  journal = {\apjl},
   eprint = {arXiv:astro-ph/0608593},
 keywords = {Galaxies: Individual: Messier Number: M31, Galaxies: ISM, Galaxies: Spiral, Galaxies: Stellar Content, Infrared: Galaxies},
     year = 2006,
    month = oct,
   volume = 650,
    pages = {L45-L49},
      doi = {10.1086/508626},
   adsurl = {http://adsabs.harvard.edu/abs/2006ApJ...650L..45B},
  adsnote = {Provided by the SAO/NASA Astrophysics Data System}
}

@ARTICLE{2011MNRAS.414.2446M,
   author = {{McMillan}, P.~J.},
    title = "{Mass models of the Milky Way}",
  journal = {\mnras},
archivePrefix = "arXiv",
   eprint = {1102.4340},
 primaryClass = "astro-ph.GA",
 keywords = {methods: statistical, Galaxy: fundamental parameters, Galaxy: kinematics and dynamics},
     year = 2011,
    month = jul,
   volume = 414,
    pages = {2446-2457},
      doi = {10.1111/j.1365-2966.2011.18564.x},
   adsurl = {http://adsabs.harvard.edu/abs/2011MNRAS.414.2446M},
  adsnote = {Provided by the SAO/NASA Astrophysics Data System}
}

@ARTICLE{2009ApJS..180..330K,
   author = {{Komatsu}, E. and {Dunkley}, J. and {Nolta}, M.~R. and {Bennett}, C.~L. and 
	{Gold}, B. and {Hinshaw}, G. and {Jarosik}, N. and {Larson}, D. and 
	{Limon}, M. and {Page}, L. and {Spergel}, D.~N. and {Halpern}, M. and 
	{Hill}, R.~S. and {Kogut}, A. and {Meyer}, S.~S. and {Tucker}, G.~S. and 
	{Weiland}, J.~L. and {Wollack}, E. and {Wright}, E.~L.},
    title = "{Five-Year Wilkinson Microwave Anisotropy Probe Observations: Cosmological Interpretation}",
  journal = {\apjs},
archivePrefix = "arXiv",
   eprint = {0803.0547},
 keywords = {cosmic microwave background, cosmology: observations, dark matter, early universe, instrumentation: detectors, space vehicles: instruments, telescopes},
     year = 2009,
    month = feb,
   volume = 180,
    pages = {330-376},
      doi = {10.1088/0067-0049/180/2/330},
   adsurl = {http://adsabs.harvard.edu/abs/2009ApJS..180..330K},
  adsnote = {Provided by the SAO/NASA Astrophysics Data System}
}

@ARTICLE{2009MNRAS.394.2223M,
   author = {{Metz}, M. and {Kroupa}, P. and {Jerjen}, H.},
    title = "{Discs of satellites: the new dwarf spheroidals}",
  journal = {\mnras},
archivePrefix = "arXiv",
   eprint = {0901.1658},
 primaryClass = "astro-ph.GA",
 keywords = {galaxies: dwarf , Local Group},
     year = 2009,
    month = apr,
   volume = 394,
    pages = {2223-2228},
      doi = {10.1111/j.1365-2966.2009.14489.x},
   adsurl = {http://adsabs.harvard.edu/abs/2009MNRAS.394.2223M},
  adsnote = {Provided by the SAO/NASA Astrophysics Data System}
}

@ARTICLE{2010MNRAS.406..896B,
   author = {{Boylan-Kolchin}, M. and {Springel}, V. and {White}, S.~D.~M. and 
	{Jenkins}, A.},
    title = "{There's no place like home? Statistics of Milky Way-mass dark matter haloes}",
  journal = {\mnras},
archivePrefix = "arXiv",
   eprint = {0911.4484},
 primaryClass = "astro-ph.CO",
 keywords = {galaxies: haloes, cosmology: theory, methods: N-body simulations},
     year = 2010,
    month = aug,
   volume = 406,
    pages = {896-912},
      doi = {10.1111/j.1365-2966.2010.16774.x},
   adsurl = {http://adsabs.harvard.edu/abs/2010MNRAS.406..896B},
  adsnote = {Provided by the SAO/NASA Astrophysics Data System}
}

@ARTICLE{2012MNRAS.423.1583M,
   author = {{Mu{\~n}oz-Cuartas}, J.~C. and {M{\"u}ller}, V.},
    title = "{Galaxy groups and haloes in the seventh data release of the Sloan Digital Sky Survey}",
  journal = {\mnras},
 keywords = {galaxies: haloes, cosmology: observations, dark matter},
     year = 2012,
    month = jun,
   volume = 423,
    pages = {1583-1595},
      doi = {10.1111/j.1365-2966.2012.20981.x},
   adsurl = {http://adsabs.harvard.edu/abs/2012MNRAS.423.1583M},
  adsnote = {Provided by the SAO/NASA Astrophysics Data System}
}


@ARTICLE{2010ApJ...710..903M,
   author = {{Moster}, B.~P. and {Somerville}, R.~S. and {Maulbetsch}, C. and 
	{van den Bosch}, F.~C. and {Macci{\`o}}, A.~V. and {Naab}, T. and 
	{Oser}, L.},
    title = "{Constraints on the Relationship between Stellar Mass and Halo Mass at Low and High Redshift}",
  journal = {\apj},
archivePrefix = "arXiv",
   eprint = {0903.4682},
 primaryClass = "astro-ph.CO",
 keywords = {cosmology: theory, dark matter, galaxies: clusters: general, galaxies: evolution, galaxies: halos, galaxies: high-redshift, galaxies: statistics, galaxies: stellar content, large-scale structure of universe},
     year = 2010,
    month = feb,
   volume = 710,
    pages = {903-923},
      doi = {10.1088/0004-637X/710/2/903},
   adsurl = {http://adsabs.harvard.edu/abs/2010ApJ...710..903M},
  adsnote = {Provided by the SAO/NASA Astrophysics Data System}
}





@ARTICLE{2009MNRAS.395..210D,
   author = {{de Rossi}, M.~E. and {Tissera}, P.~B. and {De Lucia}, G. and 
	{Kauffmann}, G.},
    title = "{Milky Way type galaxies in a {$\Lambda$}CDM cosmology}",
  journal = {\mnras},
archivePrefix = "arXiv",
   eprint = {0806.2872},
 keywords = {galaxies: abundances , galaxies: evolution , galaxies: formation , cosmology: theory},
     year = 2009,
    month = may,
   volume = 395,
    pages = {210-217},
      doi = {10.1111/j.1365-2966.2009.14560.x},
   adsurl = {http://adsabs.harvard.edu/abs/2009MNRAS.395..210D},
  adsnote = {Provided by the SAO/NASA Astrophysics Data System}
}




@ARTICLE{2004AJ....127.2031K,
   author = {{Karachentsev}, I.~D. and {Karachentseva}, V.~E. and {Huchtmeier}, W.~K. and 
	{Makarov}, D.~I.},
    title = "{A Catalog of Neighboring Galaxies}",
  journal = {\aj},
 keywords = {Galaxies: Distances and Redshifts, Galaxies: Fundamental Parameters, Galaxies: Luminosity Function, Mass Function},
     year = 2004,
    month = apr,
   volume = 127,
    pages = {2031-2068},
      doi = {10.1086/382905},
   adsurl = {http://adsabs.harvard.edu/abs/2004AJ....127.2031K},
  adsnote = {Provided by the SAO/NASA Astrophysics Data System}
}


@ARTICLE{2001ApJ...546..681T,
   author = {{Tonry}, J.~L. and {Dressler}, A. and {Blakeslee}, J.~P. and 
	{Ajhar}, E.~A. and {Fletcher}, A.~B. and {Luppino}, G.~A. and 
	{Metzger}, M.~R. and {Moore}, C.~B.},
    title = "{The SBF Survey of Galaxy Distances. IV. SBF Magnitudes, Colors, and Distances}",
  journal = {\apj},
   eprint = {arXiv:astro-ph/0011223},
 keywords = {Cosmology: Distance Scale, galaxies: clusters: individual (Virgo, Centaurus), Galaxies: Distances and Redshifts, Cosmology: Large-Scale Structure of Universe},
     year = 2001,
    month = jan,
   volume = 546,
    pages = {681-693},
      doi = {10.1086/318301},
   adsurl = {http://adsabs.harvard.edu/abs/2001ApJ...546..681T},
  adsnote = {Provided by the SAO/NASA Astrophysics Data System}
}


@ARTICLE{1997ApJS..109..333W,
   author = {{Willick}, J.~A. and {Courteau}, S. and {Faber}, S.~M. and {Burstein}, D. and 
	{Dekel}, A. and {Strauss}, M.~A.},
    title = "{Homogeneous Velocity-Distance Data for Peculiar Velocity Analysis. III. The Mark III Catalog of Galaxy Peculiar Velocities}",
  journal = {\apjs},
   eprint = {arXiv:astro-ph/9610202},
 keywords = {CATALOGS, GALAXIES: DISTANCES AND REDSHIFTS, GALAXIES: PHOTOMETRY},
     year = 1997,
    month = apr,
   volume = 109,
    pages = {333-+},
      doi = {10.1086/312983},
   adsurl = {http://adsabs.harvard.edu/abs/1997ApJS..109..333W},
  adsnote = {Provided by the SAO/NASA Astrophysics Data System}
}

@ARTICLE{2002ApJ...567..716R,
   author = {{Reiprich}, T.~H. and {B{\"o}hringer}, H.},
    title = "{The Mass Function of an X-Ray Flux-limited Sample of Galaxy Clusters}",
  journal = {\apj},
   eprint = {arXiv:astro-ph/0111285},
 keywords = {Cosmology: Cosmological Parameters, Cosmology: Observations, Galaxies: Clusters: General, Galaxies: Intergalactic Medium, Cosmology: Large-Scale Structure of Universe, X-Rays: Galaxies: Clusters},
     year = 2002,
    month = mar,
   volume = 567,
    pages = {716-740},
      doi = {10.1086/338753},
   adsurl = {http://adsabs.harvard.edu/abs/2002ApJ...567..716R},
  adsnote = {Provided by the SAO/NASA Astrophysics Data System}
}


@ARTICLE{1955ApJ...121..161S,
   author = {{Salpeter}, E.~E.},
    title = "{The Luminosity Function and Stellar Evolution.}",
  journal = {\apj},
     year = 1955,
    month = jan,
   volume = 121,
    pages = {161},
      doi = {10.1086/145971},
   adsurl = {http://adsabs.harvard.edu/abs/1955ApJ...121..161S},
  adsnote = {Provided by the SAO/NASA Astrophysics Data System}
}


@ARTICLE{2003ApJS..149..289B,
   author = {{Bell}, E.~F. and {McIntosh}, D.~H. and {Katz}, N. and {Weinberg}, M.~D.
	},
    title = "{The Optical and Near-Infrared Properties of Galaxies. I. Luminosity and Stellar Mass Functions}",
  journal = {\apjs},
   eprint = {arXiv:astro-ph/0302543},
 keywords = {Galaxies: Evolution, Galaxies: General, Galaxies: Luminosity Function, Mass Function, Galaxies: Stellar Content},
     year = 2003,
    month = dec,
   volume = 149,
    pages = {289-312},
      doi = {10.1086/378847},
   adsurl = {http://adsabs.harvard.edu/abs/2003ApJS..149..289B},
  adsnote = {Provided by the SAO/NASA Astrophysics Data System}
}

@ARTICLE{2003ApJ...585L.117B,
   author = {{Bell}, E.~F. and {McIntosh}, D.~H. and {Katz}, N. and {Weinberg}, M.~D.
	},
    title = "{A First Estimate of the Baryonic Mass Function of Galaxies}",
  journal = {\apjl},
   eprint = {arXiv:astro-ph/0301616},
 keywords = {Galaxies: General, Galaxies: ISM, Galaxies: Luminosity Function, Mass Function, Galaxies: Stellar Content},
     year = 2003,
    month = mar,
   volume = 585,
    pages = {L117-L120},
      doi = {10.1086/374389},
   adsurl = {http://adsabs.harvard.edu/abs/2003ApJ...585L.117B},
  adsnote = {Provided by the SAO/NASA Astrophysics Data System}
}

@ARTICLE{2007MNRAS.379..755S,
      author = {{Smith}, M.~C. and {Ruchti}, G.~R. and {Helmi}, A. and {Wyse}, R.~F.~G. and 
	{Fulbright}, J.~P. and {Freeman}, K.~C. and {Navarro}, J.~F. and 
	{Seabroke}, G.~M. and {Steinmetz}, M. and {Williams}, M. and 
	{Bienaym{\'e}}, O. and {Binney}, J. and {Bland-Hawthorn}, J. and
	{Watson}, F.~G. and {Zwitter}, T.},
    title = "{The RAVE survey: constraining the local Galactic escape speed}",
  journal = {\mnras},
   eprint = {arXiv:astro-ph/0611671},
 keywords = {Galaxy: fundamental parameters, Galaxy: kinematics and dynamics},
     year = 2007,
    month = aug,
   volume = 379,
    pages = {755-772},
      doi = {10.1111/j.1365-2966.2007.11964.x},
   adsurl = {http://adsabs.harvard.edu/abs/2007MNRAS.379..755S},
  adsnote = {Provided by the SAO/NASA Astrophysics Data System}
}



@ARTICLE{2001ApJ...555..393Z,
   author = {{Zheng}, Z. and {Flynn}, C. and {Gould}, A. and {Bahcall}, J.~N. and 
	{Salim}, S.},
    title = "{M Dwarfs from Hubble Space Telescope Star Counts. IV.}",
  journal = {\apj},
   eprint = {arXiv:astro-ph/0102442},
 keywords = {Stars: Late-Type, Stars: Low-Mass, Brown Dwarfs, Stars: Luminosity Function, Mass Function, Stars: Statistics, Surveys},
     year = 2001,
    month = jul,
   volume = 555,
    pages = {393-404},
      doi = {10.1086/321485},
   adsurl = {http://adsabs.harvard.edu/abs/2001ApJ...555..393Z},
  adsnote = {Provided by the SAO/NASA Astrophysics Data System}
}

@ARTICLE{2006MNRAS.366..996G,
   author = {{Geehan}, J.~J. and {Fardal}, M.~A. and {Babul}, A. and {Guhathakurta}, P.
	},
    title = "{Investigating the Andromeda stream - I. Simple analytic bulge-disc-halo model for M31}",
  journal = {\mnras},
   eprint = {arXiv:astro-ph/0501240},
 keywords = {galaxies: individual: M31, galaxies: kinematics and dynamics},
     year = 2006,
    month = mar,
   volume = 366,
    pages = {996-1011},
      doi = {10.1111/j.1365-2966.2005.09863.x},
   adsurl = {http://adsabs.harvard.edu/abs/2006MNRAS.366..996G},
  adsnote = {Provided by the SAO/NASA Astrophysics Data System}
}

@ARTICLE{2009A&A...505..497Y,
   author = {{Yin}, J. and {Hou}, J.~L. and {Prantzos}, N. and {Boissier}, S. and 
	{Chang}, R.~X. and {Shen}, S.~Y. and {Zhang}, B.},
    title = "{Milky Way versus Andromeda: a tale of two disks}",
  journal = {\aap},
archivePrefix = "arXiv",
   eprint = {0906.4821},
 primaryClass = "astro-ph.GA",
 keywords = {Galaxy: disk, Galaxy: formation, galaxies: evolution, Local Group, galaxies: individual: M 31, galaxies: abundances},
     year = 2009,
    month = oct,
   volume = 505,
    pages = {497-508},
      doi = {10.1051/0004-6361/200912316},
   adsurl = {http://adsabs.harvard.edu/abs/2009A%26A...505..497Y},
  adsnote = {Provided by the SAO/NASA Astrophysics Data System}
}

@ARTICLE{2006A&A...453..459N,
   author = {{Nieten}, C. and {Neininger}, N. and {Gu{\'e}lin}, M. and {Ungerechts}, H. and 
	{Lucas}, R. and {Berkhuijsen}, E.~M. and {Beck}, R. and {Wielebinski}, R.
	},
    title = "{Molecular gas in the Andromeda galaxy}",
  journal = {\aap},
   eprint = {arXiv:astro-ph/0512563},
 keywords = {ISM: molecules, galaxies: individual: M 31, galaxies: ISM, galaxies: spiral, radio lines: galaxies},
     year = 2006,
    month = jul,
   volume = 453,
    pages = {459-475},
      doi = {10.1051/0004-6361:20035672},
   adsurl = {http://adsabs.harvard.edu/abs/2006A%26A...453..459N},
  adsnote = {Provided by the SAO/NASA Astrophysics Data System}
}


@ARTICLE{2005MNRAS.364..433B,
   author = {{Battaglia}, G. and {Helmi}, A. and {Morrison}, H. and {Harding}, P. and 
	{Olszewski}, E.~W. and {Mateo}, M. and {Freeman}, K.~C. and 
	{Norris}, J. and {Shectman}, S.~A.},
    title = "{The radial velocity dispersion profile of the Galactic halo: constraining the density profile of the dark halo of the Milky Way}",
  journal = {\mnras},
   eprint = {arXiv:astro-ph/0506102},
 keywords = {Galaxy: halo, Galaxy: kinematics and dynamics, Galaxy: structure, dark matter},
     year = 2005,
    month = dec,
   volume = 364,
    pages = {433-442},
      doi = {10.1111/j.1365-2966.2005.09367.x},
   adsurl = {http://adsabs.harvard.edu/abs/2005MNRAS.364..433B},
  adsnote = {Provided by the SAO/NASA Astrophysics Data System}
}

@ARTICLE{2008ApJ...684.1143X,
   author = {{Xue}, X.~X. and {Rix}, H.~W. and {Zhao}, G. and {Re Fiorentin}, P. and 
	{Naab}, T. and {Steinmetz}, M. and {van den Bosch}, F.~C. and 
	{Beers}, T.~C. and {Lee}, Y.~S. and {Bell}, E.~F. and {Rockosi}, C. and 
	{Yanny}, B. and {Newberg}, H. and {Wilhelm}, R. and {Kang}, X. and 
	{Smith}, M.~C. and {Schneider}, D.~P.},
    title = "{The Milky Way's Circular Velocity Curve to 60 kpc and an Estimate of the Dark Matter Halo Mass from the Kinematics of \~{}2400 SDSS Blue Horizontal-Branch Stars}",
  journal = {\apj},
archivePrefix = "arXiv",
   eprint = {0801.1232},
 keywords = {Cosmology: Dark Matter, galaxies: individual (Milky Way), Galaxy: Halo, Stars: Horizontal-Branch, Stars: Kinematics},
     year = 2008,
    month = sep,
   volume = 684,
    pages = {1143-1158},
      doi = {10.1086/589500},
   adsurl = {http://adsabs.harvard.edu/abs/2008ApJ...684.1143X},
  adsnote = {Provided by the SAO/NASA Astrophysics Data System}
}


@ARTICLE{2008MNRAS.389.1911S,
   author = {{Seigar}, M.~S. and {Barth}, A.~J. and {Bullock}, J.~S.},
    title = "{A revised {$\Lambda$} CDM mass model for the Andromeda Galaxy}",
  journal = {\mnras},
   eprint = {arXiv:astro-ph/0612228},
 keywords = {galaxies: fundamental parameters , galaxies: haloes , galaxies: individual: M31 , galaxies: spiral , galaxies: structure , dark matter},
     year = 2008,
    month = oct,
   volume = 389,
    pages = {1911-1923},
      doi = {10.1111/j.1365-2966.2008.13732.x},
   adsurl = {http://adsabs.harvard.edu/abs/2008MNRAS.389.1911S},
  adsnote = {Provided by the SAO/NASA Astrophysics Data System}
}


@ARTICLE{1982MNRAS.199.1069E,
   author = {{Efstathiou}, G. and {Lake}, G. and {Negroponte}, J.},
    title = "{The stability and masses of disc galaxies}",
  journal = {\mnras},
 keywords = {ASTRONOMICAL MODELS, DISK GALAXIES, DYNAMIC STABILITY, GALACTIC EVOLUTION, MASS, ASTRONOMICAL PHOTOMETRY, DENSITY DISTRIBUTION, GALACTIC ROTATION, MASS TO LIGHT RATIOS},
     year = 1982,
    month = jun,
   volume = 199,
    pages = {1069-1088},
   adsurl = {http://adsabs.harvard.edu/abs/1982MNRAS.199.1069E},
  adsnote = {Provided by the SAO/NASA Astrophysics Data System}
}


@ARTICLE{2003MNRAS.339..289S,
   author = {{Springel}, V. and {Hernquist}, L.},
    title = "{Cosmological smoothed particle hydrodynamics simulations: a hybrid multiphase model for star formation}",
  journal = {\mnras},
   eprint = {arXiv:astro-ph/0206393},
 keywords = {methods: numerical, galaxies: evolution, galaxies: formation},
     year = 2003,
    month = feb,
   volume = 339,
    pages = {289-311},
      doi = {10.1046/j.1365-8711.2003.06206.x},
   adsurl = {http://adsabs.harvard.edu/abs/2003MNRAS.339..289S},
  adsnote = {Provided by the SAO/NASA Astrophysics Data System}
}

@ARTICLE{2008MNRAS.388.1079I,
   author = {{Iapichino}, L. and {Adamek}, J. and {Schmidt}, W. and {Niemeyer}, J.~C.
	},
    title = "{Hydrodynamical adaptive mesh refinement simulations of turbulent flows - I. Substructure in a wind}",
  journal = {\mnras},
archivePrefix = "arXiv",
   eprint = {0801.4695},
 keywords = {hydrodynamics , instabilities , turbulence , methods: numerical , galaxies: clusters: general},
     year = 2008,
    month = aug,
   volume = 388,
    pages = {1079-1088},
      doi = {10.1111/j.1365-2966.2008.13137.x},
   adsurl = {http://adsabs.harvard.edu/abs/2008MNRAS.388.1079I},
  adsnote = {Provided by the SAO/NASA Astrophysics Data System}
}

@ARTICLE{1992ARA&A..30..543M,
   author = {{Monaghan}, J.~J.},
    title = "{Smoothed particle hydrodynamics}",
  journal = {\araa},
 keywords = {COMPUTATIONAL FLUID DYNAMICS, FINITE DIFFERENCE THEORY, HYDRODYNAMICS, KERNEL FUNCTIONS, PARTICLE ENERGY, PARTICLE MASS, ANGULAR MOMENTUM, PARTIAL DIFFERENTIAL EQUATIONS, PARTICLE IN CELL TECHNIQUE, PRESSURE GRADIENTS},
     year = 1992,
   volume = 30,
    pages = {543-574},
      doi = {10.1146/annurev.aa.30.090192.002551},
   adsurl = {http://adsabs.harvard.edu/abs/1992ARA%26A..30..543M},
  adsnote = {Provided by the SAO/NASA Astrophysics Data System}
}





@ARTICLE{2007MNRAS.376..215B,
   author = {{Bett}, P. and {Eke}, V. and {Frenk}, C.~S. and {Jenkins}, A. and 
	{Helly}, J. and {Navarro}, J.},
    title = "{The spin and shape of dark matter haloes in the Millennium simulation of a {$\Lambda$} cold dark matter universe}",
  journal = {\mnras},
   eprint = {arXiv:astro-ph/0608607},
 keywords = {methods: N-body simulations, galaxies: haloes, dark matter},
     year = 2007,
    month = mar,
   volume = 376,
    pages = {215-232},
      doi = {10.1111/j.1365-2966.2007.11432.x},
   adsurl = {http://adsabs.harvard.edu/abs/2007MNRAS.376..215B},
  adsnote = {Provided by the SAO/NASA Astrophysics Data System}
}


@ARTICLE{2005MNRAS.356.1191B,
   author = {{Baugh}, C.~M. and {Lacey}, C.~G. and {Frenk}, C.~S. and {Granato}, G.~L. and 
	{Silva}, L. and {Bressan}, A. and {Benson}, A.~J. and {Cole}, S.
	},
    title = "{Can the faint submillimetre galaxies be explained in the {$\Lambda$} cold dark matter model?}",
  journal = {\mnras},
   eprint = {arXiv:astro-ph/0406069},
 keywords = {galaxies: evolution, galaxies: formation, galaxies: high-redshift, submillimetre},
     year = 2005,
    month = jan,
   volume = 356,
    pages = {1191-1200},
      doi = {10.1111/j.1365-2966.2004.08553.x},
   adsurl = {http://adsabs.harvard.edu/abs/2005MNRAS.356.1191B},
  adsnote = {Provided by the SAO/NASA Astrophysics Data System}
}

@ARTICLE{2007AJ....134..945P,
   author = {{Pizagno}, J. and {Prada}, F. and {Weinberg}, D.~H. and {Rix}, H.-W. and 
	{Pogge}, R.~W. and {Grebel}, E.~K. and {Harbeck}, D. and {Blanton}, M. and 
	{Brinkmann}, J. and {Gunn}, J.~E.},
    title = "{The Tully-Fisher Relation and its Residuals for a Broadly Selected Sample of Galaxies}",
  journal = {\aj},
   eprint = {arXiv:astro-ph/0608472},
 keywords = {galaxies: kinematics and dynamics, galaxies: structure},
     year = 2007,
    month = sep,
   volume = 134,
    pages = {945-972},
      doi = {10.1086/519522},
   adsurl = {http://adsabs.harvard.edu/abs/2007AJ....134..945P},
  adsnote = {Provided by the SAO/NASA Astrophysics Data System}
}

@ARTICLE{2010MNRAS.406..264W,
   author = {{Watkins}, L.~L. and {Evans}, N.~W. and {An}, J.~H.},
    title = "{The masses of the Milky Way and Andromeda galaxies}",
  journal = {\mnras},
archivePrefix = "arXiv",
   eprint = {1002.4565},
 primaryClass = "astro-ph.GA",
 keywords = {galaxies: general, galaxies: haloes, galaxies: individual: M31, galaxies: kinematics and dynamics, dark matter},
     year = 2010,
    month = jul,
   volume = 406,
    pages = {264-278},
      doi = {10.1111/j.1365-2966.2010.16708.x},
   adsurl = {http://adsabs.harvard.edu/abs/2010MNRAS.406..264W},
  adsnote = {Provided by the SAO/NASA Astrophysics Data System}
}

###################################################################################################################################
###################################################################################################################################
###################################################################################################################################
###################################################################################################################################



@ARTICLE{2009MNRAS.395.1915T,
   author = {{Tikhonov}, A.~V. and {Klypin}, A.},
    title = "{The emptiness of voids: yet another overabundance problem for the {$\Lambda$} cold dark matter model}",
  journal = {\mnras},
archivePrefix = "arXiv",
   eprint = {0807.0924},
 keywords = {galaxies: formation , galaxies: kinematics and dynamics , galaxies: luminosity function, mass function , dark matter , large-scale structure of Universe},
     year = 2009,
    month = jun,
   volume = 395,
    pages = {1915-1924},
      doi = {10.1111/j.1365-2966.2009.14686.x},
   adsurl = {http://adsabs.harvard.edu/abs/2009MNRAS.395.1915T},
  adsnote = {Provided by the SAO/NASA Astrophysics Data System}
}

@ARTICLE{2011arXiv1103.6030G,
   author = {{Guedes}, J. and {Callegari}, S. and {Madau}, P. and {Mayer}, L.
	},
    title = "{Forming Realistic Late-Type Spirals in a LCDM Universe: The Eris Simulation}",
  journal = {ArXiv e-prints},
archivePrefix = "arXiv",
   eprint = {1103.6030},
 primaryClass = "astro-ph.CO",
 keywords = {Astrophysics - Cosmology and Extragalactic Astrophysics},
     year = 2011,
    month = mar,
   adsurl = {http://adsabs.harvard.edu/abs/2011arXiv1103.6030G},
  adsnote = {Provided by the SAO/NASA Astrophysics Data System}
}


@ARTICLE{2005ApJ...635L..37R,
   author = {{Ribas}, I. and {Jordi}, C. and {Vilardell}, F. and {Fitzpatrick}, E.~L. and 
	{Hilditch}, R.~W. and {Guinan}, E.~F.},
    title = "{First Determination of the Distance and Fundamental Properties of an Eclipsing Binary in the Andromeda Galaxy}",
  journal = {\apjl},
   eprint = {arXiv:astro-ph/0511045},
 keywords = {Stars: Binaries: Eclipsing, Cosmology: Distance Scale, Galaxies: Individual: Messier Number: M31, Stars: Distances, Stars: Fundamental Parameters, stars: individual (J0044380+41292350)},
     year = 2005,
    month = dec,
   volume = 635,
    pages = {L37-L40},
      doi = {10.1086/499161},
   adsurl = {http://adsabs.harvard.edu/abs/2005ApJ...635L..37R},
  adsnote = {Provided by the SAO/NASA Astrophysics Data System}
}
@ARTICLE{1983MNRAS.202.1025G,
   author = {{Gilmore}, G. and {Reid}, N.},
    title = "{New light on faint stars. III - Galactic structure towards the South Pole and the Galactic thick disc}",
  journal = {\mnras},
 keywords = {GALACTIC STRUCTURE, SOUTHERN SKY, STELLAR LUMINOSITY, STELLAR MASS, STELLAR STRUCTURE, ASTRONOMICAL PHOTOMETRY, DENSITY DISTRIBUTION, METALLICITY, STAR DISTRIBUTION},
     year = 1983,
    month = mar,
   volume = 202,
    pages = {1025-1047},
   adsurl = {http://adsabs.harvard.edu/abs/1983MNRAS.202.1025G},
  adsnote = {Provided by the SAO/NASA Astrophysics Data System}
}


@ARTICLE{2011MNRAS.tmp..248C,
   author = {{Collins}, M.~L.~M. and {Chapman}, S.~C. and {Ibata}, R.~A. and 
	{Irwin}, M.~J. and {Rich}, R.~M. and {Ferguson}, A.~M.~N. and 
	{Lewis}, G.~F. and {Tanvir}, N. and {Koch}, A.},
    title = "{The kinematic identification of a thick stellar disc in M31}",
  journal = {\mnras},
archivePrefix = "arXiv",
   eprint = {1010.5276},
 primaryClass = "astro-ph.CO",
 keywords = {stars: kinematics and dynamics, galaxies: abundances, galaxies: evolution, Local Group, galaxies: spiral, galaxies: structure},
     year = 2011,
    month = feb,
    pages = {248-+},
      doi = {10.1111/j.1365-2966.2011.18238.x},
   adsurl = {http://adsabs.harvard.edu/abs/2011MNRAS.tmp..248C},
  adsnote = {Provided by the SAO/NASA Astrophysics Data System}
}


@ARTICLE{2010ApJ...724..915H,
   author = {{Hopkins}, P.~F. and {Croton}, D. and {Bundy}, K. and {Khochfar}, S. and 
	{van den Bosch}, F. and {Somerville}, R.~S. and {Wetzel}, A. and 
	{Keres}, D. and {Hernquist}, L. and {Stewart}, K. and {Younger}, J.~D. and 
	{Genel}, S. and {Ma}, {C.-P.}},
    title = "{Mergers in {$\Lambda$}CDM: Uncertainties in Theoretical Predictions and Interpretations of the Merger Rate}",
  journal = {\apj},
archivePrefix = "arXiv",
   eprint = {1004.2708},
 primaryClass = "astro-ph.CO",
 keywords = {cosmology: theory, galaxies: active, galaxies: evolution, galaxies: formation},
     year = 2010,
    month = dec,
   volume = 724,
    pages = {915-945},
      doi = {10.1088/0004-637X/724/2/915},
   adsurl = {http://adsabs.harvard.edu/abs/2010ApJ...724..915H},
  adsnote = {Provided by the SAO/NASA Astrophysics Data System}
}



@ARTICLE{2008MNRAS.383...93B,
   author = {{Boylan-Kolchin}, M. and {Ma}, {C.-P.} and {Quataert}, E.},
    title = "{Dynamical friction and galaxy merging time-scales}",
  journal = {\mnras},
archivePrefix = "arXiv",
   eprint = {0707.2960},
 keywords = {galaxies: evolution , galaxies: formation},
     year = 2008,
    month = jan,
   volume = 383,
    pages = {93-101},
      doi = {10.1111/j.1365-2966.2007.12530.x},
   adsurl = {http://adsabs.harvard.edu/abs/2008MNRAS.383...93B},
  adsnote = {Provided by the SAO/NASA Astrophysics Data System}
}


@ARTICLE{2011arXiv1103.0005M,
   author = {{More}, S. and {Kravtsov}, A. and {Dalal}, N. and {Gottl{\"o}ber}, S.
	},
    title = "{The overdensity and masses of the friends-of-friends halos and universality of the halo mass function}",
  journal = {ArXiv e-prints},
archivePrefix = "arXiv",
   eprint = {1103.0005},
 primaryClass = "astro-ph.CO",
 keywords = {Astrophysics - Cosmology and Extragalactic Astrophysics},
     year = 2011,
    month = feb,
   adsurl = {http://adsabs.harvard.edu/abs/2011arXiv1103.0005M},
  adsnote = {Provided by the SAO/NASA Astrophysics Data System}
}


@ARTICLE{2007MNRAS.378.1601M,
   author = {{Martinez-Vaquero}, L.~A. and {Yepes}, G. and {Hoffman}, Y.},
    title = "{Constrained simulations of the local universe - I. Mass and motion in the local volume}",
  journal = {\mnras},
archivePrefix = "arXiv",
   eprint = {0704.3385},
 keywords = {methods: numerical, galaxies: Local Group, cosmology: dark matter},
     year = 2007,
    month = jul,
   volume = 378,
    pages = {1601-1608},
      doi = {10.1111/j.1365-2966.2007.11907.x},
   adsurl = {http://adsabs.harvard.edu/abs/2007MNRAS.378.1601M},
  adsnote = {Provided by the SAO/NASA Astrophysics Data System}
}
@ARTICLE{2005MNRAS.359..941M,
   author = {{Macci{\`o}}, A.~V. and {Governato}, F. and {Horellou}, C.},
    title = "{The signature of dark energy on the local Hubble flow}",
  journal = {\mnras},
   eprint = {arXiv:astro-ph/0412583},
 keywords = {methods: numerical, galaxies: clusters: general, galaxies: haloes, cosmology: theory, dark matter, large-scale structure of Universe},
     year = 2005,
    month = may,
   volume = 359,
    pages = {941-948},
      doi = {10.1111/j.1365-2966.2005.08947.x},
   adsurl = {http://adsabs.harvard.edu/abs/2005MNRAS.359..941M},
  adsnote = {Provided by the SAO/NASA Astrophysics Data System}
}
@ARTICLE{1997NewA....2...91G,
   author = {{Governato}, F. and {Moore}, B. and {Cen}, R. and {Stadel}, J. and 
	{Lake}, G. and {Quinn}, T.},
    title = "{The Local Group as a test of cosmological models}",
  journal = {\na},
   eprint = {arXiv:astro-ph/9612007},
 keywords = {METHODS: NUMERICAL, GALAXIES: INTERACTIONS, LOCAL GROUP, DARK MATTER, LARGE-SCALE STRUCTURE OF UNIVERSE},
     year = 1997,
    month = jul,
   volume = 2,
    pages = {91-106},
      doi = {10.1016/S1384-1076(97)00011-0},
   adsurl = {http://adsabs.harvard.edu/abs/1997NewA....2...91G},
  adsnote = {Provided by the SAO/NASA Astrophysics Data System}
}

@ARTICLE{2011MNRAS.tmp..260W,
   author = {{Wilson}, M.~L. and {Helmi}, A. and {Morrison}, H.~L. and {Breddels}, M.~A. and 
	{Bienaym{\'e}}, O. and {Binney}, J. and {Bland-Hawthorn}, J.},
    title = "{Testing formation mechanisms of the Milky Way's thick disc with RAVE}",
  journal = {\mnras},
archivePrefix = "arXiv",
   eprint = {1009.2052},
 primaryClass = "astro-ph.GA",
 keywords = {Galaxy: disc, Galaxy: formation, solar neighbourhood, Galaxy: structure},
     year = 2011,
    month = mar,
    pages = {260-+},
      doi = {10.1111/j.1365-2966.2011.18298.x},
   adsurl = {http://adsabs.harvard.edu/abs/2011MNRAS.tmp..260W},
  adsnote = {Provided by the SAO/NASA Astrophysics Data System}
}

@ARTICLE{2008MNRAS.391...14D,
   author = {{De Lucia}, G. and {Helmi}, A.},
    title = "{The Galaxy and its stellar halo: insights on their formation from a hybrid cosmological approach}",
  journal = {\mnras},
archivePrefix = "arXiv",
   eprint = {0804.2465},
 keywords = {Galaxy: evolution , Galaxy: formation , Galaxy: halo , Galaxy: stellar content},
     year = 2008,
    month = nov,
   volume = 391,
    pages = {14-31},
      doi = {10.1111/j.1365-2966.2008.13862.x},
   adsurl = {http://adsabs.harvard.edu/abs/2008MNRAS.391...14D},
  adsnote = {Provided by the SAO/NASA Astrophysics Data System}
}
@ARTICLE{2008ApJ...688..254K,
   author = {{Kazantzidis}, S. and {Bullock}, J.~S. and {Zentner}, A.~R. and 
	{Kravtsov}, A.~V. and {Moustakas}, L.~A.},
    title = "{Cold Dark Matter Substructure and Galactic Disks. I. Morphological Signatures of Hierarchical Satellite Accretion}",
  journal = {\apj},
archivePrefix = "arXiv",
   eprint = {0708.1949},
 keywords = {Cosmology: Theory, Cosmology: Dark Matter, Galaxies: Formation, Galaxies: Kinematics and Dynamics, Galaxies: Structure, Methods: Numerical},
     year = 2008,
    month = nov,
   volume = 688,
    pages = {254-276},
      doi = {10.1086/591958},
   adsurl = {http://adsabs.harvard.edu/abs/2008ApJ...688..254K},
  adsnote = {Provided by the SAO/NASA Astrophysics Data System}
}
@ARTICLE{1993ApJ...403...74Q,
   author = {{Quinn}, P.~J. and {Hernquist}, L. and {Fullagar}, D.~P.},
    title = "{Heating of galactic disks by mergers}",
  journal = {\apj},
 keywords = {COMPUTATIONAL ASTROPHYSICS, GALACTIC EVOLUTION, GALACTIC STRUCTURE, INTERACTING GALAXIES, SPIRAL GALAXIES, ABUNDANCE, ACCRETION DISKS, GALACTIC HALOS, MANY BODY PROBLEM},
     year = 1993,
    month = jan,
   volume = 403,
    pages = {74-93},
      doi = {10.1086/172184},
   adsurl = {http://adsabs.harvard.edu/abs/1993ApJ...403...74Q},
  adsnote = {Provided by the SAO/NASA Astrophysics Data System}
}
@INPROCEEDINGS{2009IAUS..254...85B,
   author = {{Bullock}, J.~S. and {Stewart}, K.~R. and {Purcell}, C.~W.},
    title = "{Mergers and Disk Survival in {$\Lambda$}CDM}",
 keywords = {Cosmology: theory, galaxies: formation, galaxies: evolution},
booktitle = {IAU Symposium},
     year = 2009,
   series = {IAU Symposium},
   volume = 254,
archivePrefix = "arXiv",
   eprint = {0811.0861},
   editor = "{J.~Andersen, J.~Bland-Hawthorn, \& B.~Nordstr{\"o}m}",
    month = mar,
    pages = {85-94},
      doi = {10.1017/S1743921308027427},
   adsurl = {http://adsabs.harvard.edu/abs/2009IAUS..254...85B},
  adsnote = {Provided by the SAO/NASA Astrophysics Data System}
}
@ARTICLE{1992ApJ...389....5T,
   author = {{Toth}, G. and {Ostriker}, J.~P.},
    title = "{Galactic disks, infall, and the global value of Omega}",
  journal = {\apj},
 keywords = {ASTRONOMICAL MODELS, COSMOLOGY, GALACTIC STRUCTURE, MILKY WAY GALAXY, SPIRAL GALAXIES, ACCRETION DISKS, CIRCULAR ORBITS, DARK MATTER, GALACTIC EVOLUTION, HALOS},
     year = 1992,
    month = apr,
   volume = 389,
    pages = {5-26},
      doi = {10.1086/171185},
   adsurl = {http://adsabs.harvard.edu/abs/1992ApJ...389....5T},
  adsnote = {Provided by the SAO/NASA Astrophysics Data System}
}
@ARTICLE{2010ApJ...715..202H,
   author = {{Hopkins}, P.~F. and {Bundy}, K. and {Croton}, D. and {Hernquist}, L. and 
	{Keres}, D. and {Khochfar}, S. and {Stewart}, K. and {Wetzel}, A. and 
	{Younger}, J.~D.},
    title = "{Mergers and Bulge Formation in {$\Lambda$}CDM: Which Mergers Matter?}",
  journal = {\apj},
archivePrefix = "arXiv",
   eprint = {0906.5357},
 primaryClass = "astro-ph.CO",
 keywords = {cosmology: theory, galaxies: active, galaxies: evolution, galaxies: formation},
     year = 2010,
    month = may,
   volume = 715,
    pages = {202-229},
      doi = {10.1088/0004-637X/715/1/202},
   adsurl = {http://adsabs.harvard.edu/abs/2010ApJ...715..202H},
  adsnote = {Provided by the SAO/NASA Astrophysics Data System}
}

@ARTICLE{2006MNRAS.372..933N,
   author = {{Neistein}, E. and {van den Bosch}, F.~C. and {Dekel}, A.},
    title = "{Natural downsizing in hierarchical galaxy formation}",
  journal = {\mnras},
   eprint = {arXiv:astro-ph/0605045},
 keywords = {galaxies: elliptical and lenticular, cD, galaxies: haloes, cosmology: theory, dark matter},
     year = 2006,
    month = oct,
   volume = 372,
    pages = {933-948},
      doi = {10.1111/j.1365-2966.2006.10918.x},
   adsurl = {http://adsabs.harvard.edu/abs/2006MNRAS.372..933N},
  adsnote = {Provided by the SAO/NASA Astrophysics Data System}
}
@ARTICLE{2008MNRAS.389.1419L,
   author = {{Li}, Y. and {Mo}, H.~J. and {Gao}, L.},
    title = "{On halo formation times and assembly bias}",
  journal = {\mnras},
archivePrefix = "arXiv",
   eprint = {0803.2250},
 keywords = {galaxies: formation , galaxies: haloes , cosmology: theory , dark matter},
     year = 2008,
    month = sep,
   volume = 389,
    pages = {1419-1426},
      doi = {10.1111/j.1365-2966.2008.13667.x},
   adsurl = {http://adsabs.harvard.edu/abs/2008MNRAS.389.1419L},
  adsnote = {Provided by the SAO/NASA Astrophysics Data System}
}

@ARTICLE{1999ApJ...524L..19M,
   author = {{Moore}, B. and {Ghigna}, S. and {Governato}, F. and {Lake}, G. and 
	{Quinn}, T. and {Stadel}, J. and {Tozzi}, P.},
    title = "{Dark Matter Substructure within Galactic Halos}",
  journal = {\apjl},
   eprint = {arXiv:astro-ph/9907411},
 keywords = {COSMOLOGY: OBSERVATIONS, COSMOLOGY: THEORY, COSMOLOGY: DARK MATTER, GALAXIES: CLUSTERS: GENERAL, GALAXIES: FORMATION},
     year = 1999,
    month = oct,
   volume = 524,
    pages = {L19-L22},
      doi = {10.1086/312287},
   adsurl = {http://adsabs.harvard.edu/abs/1999ApJ...524L..19M},
  adsnote = {Provided by the SAO/NASA Astrophysics Data System}
}

@ARTICLE{2006ApJ...650L..33P,
   author = {{Pe{\~n}arrubia}, J. and {McConnachie}, A. and {Babul}, A.},
    title = "{On the Formation of Extended Galactic Disks by Tidally Disrupted Dwarf Galaxies}",
  journal = {\apjl},
   eprint = {arXiv:astro-ph/0606101},
 keywords = {Galaxies: Dwarf, Galaxies: Formation, Galaxies: Spiral, Galaxies: Structure, Methods: n-Body Simulations},
     year = 2006,
    month = oct,
   volume = 650,
    pages = {L33-L36},
      doi = {10.1086/508656},
   adsurl = {http://adsabs.harvard.edu/abs/2006ApJ...650L..33P},
  adsnote = {Provided by the SAO/NASA Astrophysics Data System}
}

@ARTICLE{2010ApJ...725..542H,
   author = {{Hammer}, F. and {Yang}, Y.~B. and {Wang}, J.~L. and {Puech}, M. and 
	{Flores}, H. and {Fouquet}, S.},
    title = "{Does M31 Result from an Ancient Major Merger?}",
  journal = {\apj},
archivePrefix = "arXiv",
   eprint = {1010.0679},
 primaryClass = "astro-ph.GA",
 keywords = {galaxies: formation, galaxies: halos, galaxies: individual: M31, galaxies: interactions, galaxies: spiral, Local Group },
     year = 2010,
    month = dec,
   volume = 725,
    pages = {542-555},
      doi = {10.1088/0004-637X/725/1/542},
   adsurl = {http://adsabs.harvard.edu/abs/2010ApJ...725..542H},
  adsnote = {Provided by the SAO/NASA Astrophysics Data System}
}

@ARTICLE{2009MNRAS.396..696S,
   author = {{Scannapieco}, C. and {White}, S.~D.~M. and {Springel}, V. and 
	{Tissera}, P.~B.},
    title = "{The formation and survival of discs in a {$\Lambda$}CDM universe}",
  journal = {\mnras},
archivePrefix = "arXiv",
   eprint = {0812.0976},
 keywords = {methods: numerical , galaxies: formation , cosmology: theory},
     year = 2009,
    month = jun,
   volume = 396,
    pages = {696-708},
      doi = {10.1111/j.1365-2966.2009.14764.x},
   adsurl = {http://adsabs.harvard.edu/abs/2009MNRAS.396..696S},
  adsnote = {Provided by the SAO/NASA Astrophysics Data System}
}

@ARTICLE{2009MNRAS.396.1815F,
   author = {{Forero-Romero}, J.~E. and {Hoffman}, Y. and {Gottl{\"o}ber}, S. and 
	{Klypin}, A. and {Yepes}, G.},
    title = "{A dynamical classification of the cosmic web}",
  journal = {\mnras},
archivePrefix = "arXiv",
   eprint = {0809.4135},
 keywords = {methods: numerical , cosmology: large-scale structure of Universe},
     year = 2009,
    month = jul,
   volume = 396,
    pages = {1815-1824},
      doi = {10.1111/j.1365-2966.2009.14885.x},
   adsurl = {http://adsabs.harvard.edu/abs/2009MNRAS.396.1815F},
  adsnote = {Provided by the SAO/NASA Astrophysics Data System}
}

@ARTICLE{1991ApJ...380L...5H,
   author = {{Hoffman}, Y. and {Ribak}, E.},
    title = "{Constrained realizations of Gaussian fields - A simple algorithm}",
  journal = {\apjl},
 keywords = {ASTRONOMICAL MODELS, COMPUTATIONAL ASTROPHYSICS, COMPUTERIZED SIMULATION, COSMOLOGY, ALGORITHMS, DARK MATTER, FAST FOURIER TRANSFORMATIONS, GALACTIC CLUSTERS, MANY BODY PROBLEM, POWER SPECTRA},
     year = 1991,
    month = oct,
   volume = 380,
    pages = {L5-L8},
      doi = {10.1086/186160},
   adsurl = {http://adsabs.harvard.edu/abs/1991ApJ...380L...5H},
  adsnote = {Provided by the SAO/NASA Astrophysics Data System}
}




@ARTICLE{1999ApJ...522...82K,
   author = {{Klypin}, A. and {Kravtsov}, A.~V. and {Valenzuela}, O. and 
	{Prada}, F.},
    title = "{Where Are the Missing Galactic Satellites?}",
  journal = {\apj},
   eprint = {arXiv:astro-ph/9901240},
 keywords = {COSMOLOGY: THEORY, GALAXIES: CLUSTERS: GENERAL, GALAXIES: INTERACTIONS, GALAXY: FORMATION, GALAXIES: LOCAL GROUP, METHODS: NUMERICAL},
     year = 1999,
    month = sep,
   volume = 522,
    pages = {82-92},
      doi = {10.1086/307643},
   adsurl = {http://adsabs.harvard.edu/abs/1999ApJ...522...82K},
  adsnote = {Provided by the SAO/NASA Astrophysics Data System}
}

@ARTICLE{2010arXiv1002.3660K,
   author = {{Klypin}, A. and {Trujillo-Gomez}, S. and {Primack}, J.},
    title = "{Halos and galaxies in the standard cosmological model: results from the Bolshoi simulation}",
  journal = {ArXiv e-prints},
archivePrefix = "arXiv",
   eprint = {1002.3660},
 primaryClass = "astro-ph.CO",
 keywords = {Astrophysics - Cosmology and Extragalactic Astrophysics},
     year = 2010,
    month = feb,
   adsurl = {http://adsabs.harvard.edu/abs/2010arXiv1002.3660K},
  adsnote = {Provided by the SAO/NASA Astrophysics Data System}
}

@ARTICLE{2009MNRAS.400L..61S,
   author = {{Sales}, L.~V. and {Helmi}, A. and {Abadi}, M.~G. and {Brook}, C.~B. and 
        {G{\'o}mez}, F.~A. and {Ro{\v s}kar}, R. and {Debattista}, V.~P. and 
        {House}, E. and {Steinmetz}, M. and {Villalobos}, {\'A}.},
    title = "{Orbital eccentricity as a probe of thick disc formation scenarios}",
  journal = {\mnras},
archivePrefix = "arXiv",
   eprint = {0909.3858},
 primaryClass = "astro-ph.GA",
 keywords = {Galaxy: disc , Galaxies: kinematics and dynamics , galaxies: formation},
     year = 2009,
    month = nov,
   volume = 400,
    pages = {L61-L65},
      doi = {10.1111/j.1745-3933.2009.00763.x},
   adsurl = {http://adsabs.harvard.edu/abs/2009MNRAS.400L..61S},
  adsnote = {Provided by the SAO/NASA Astrophysics Data System}
}

@ARTICLE{2010ApJ...725L.186D,
   author = {{Dierickx}, M. and {Klement}, R. and {Rix}, {H.-W.} and {Liu}, C.
	},
    title = "{Observational Evidence from SDSS for a Merger Origin of the Milky Way's Thick Disk}",
  journal = {\apjl},
archivePrefix = "arXiv",
   eprint = {1009.1616},
 primaryClass = "astro-ph.GA",
 keywords = {galaxies: individual: Milky Way, Galaxy: evolution, Galaxy: kinematics and dynamics, Galaxy: structure},
     year = 2010,
    month = dec,
   volume = 725,
    pages = {L186-L190},
      doi = {10.1088/2041-8205/725/2/L186},
   adsurl = {http://adsabs.harvard.edu/abs/2010ApJ...725L.186D},
  adsnote = {Provided by the SAO/NASA Astrophysics Data System}
}

@ARTICLE{2010arXiv1008.5114W,
   author = {{Wang}, J. and {Navarro}, J.~F. and {Frenk}, C.~S. and {White}, S.~D.~M. and 
	{Springel}, V. and {Jenkins}, A. and {Helmi}, A. and {Ludlow}, A. and 
	{Vogelsberger}, M.},
    title = "{Assembly History and Structure of Galactic Cold Dark Matter Halos}",
  journal = {ArXiv e-prints},
archivePrefix = "arXiv",
   eprint = {1008.5114},
 primaryClass = "astro-ph.CO",
 keywords = {Astrophysics - Cosmology and Extragalactic Astrophysics, Astrophysics - Galaxy Astrophysics},
     year = 2010,
    month = aug,
   adsurl = {http://adsabs.harvard.edu/abs/2010arXiv1008.5114W},
  adsnote = {Provided by the SAO/NASA Astrophysics Data System}
}

@ARTICLE{2009Natur.461...66M,
   author = {{McConnachie}, A.~W. and {Irwin}, M.~J. and {Ibata}, R.~A. and 
	{Dubinski}, J. and {Widrow}, L.~M. and {Martin}, N.~F. and {C{\^o}t{\'e}}, P. and 
	{Dotter}, A.~L. and {Navarro}, J.~F. and {Ferguson}, A.~M.~N. and 
	{Puzia}, T.~H. and {Lewis}, G.~F. and {Babul}, A. and {Barmby}, P. and 
	{Bienaym{\'e}}, O. and {Chapman}, S.~C. and {Cockcroft}, R.},
    title = "{The remnants of galaxy formation from a panoramic survey of the region around M31}",
  journal = {\nat},
archivePrefix = "arXiv",
   eprint = {0909.0398},
 primaryClass = "astro-ph.CO",
     year = 2009,
    month = sep,
   volume = 461,
    pages = {66-69},
      doi = {10.1038/nature08327},
   adsurl = {http://adsabs.harvard.edu/abs/2009Natur.461...66M},
  adsnote = {Provided by the SAO/NASA Astrophysics Data System}
}

@ARTICLE{2004ApJ...612..894B,
   author = {{Brook}, C.~B. and {Kawata}, D. and {Gibson}, B.~K. and {Freeman}, K.~C.
	},
    title = "{The Emergence of the Thick Disk in a Cold Dark Matter Universe}",
  journal = {\apj},
   eprint = {arXiv:astro-ph/0405306},
 keywords = {Galaxies: Evolution, Galaxies: Formation, Galaxy: Disk},
     year = 2004,
    month = sep,
   volume = 612,
    pages = {894-899},
      doi = {10.1086/422709},
   adsurl = {http://adsabs.harvard.edu/abs/2004ApJ...612..894B},
  adsnote = {Provided by the SAO/NASA Astrophysics Data System}
}




@ARTICLE{2010ApJ...720L..72S,
   author = {{Shen}, J. and {Rich}, R.~M. and {Kormendy}, J. and {Howard}, C.~D. and 
	{De Propris}, R. and {Kunder}, A.},
    title = "{Our Milky Way as a Pure-disk Galaxy---A Challenge for Galaxy Formation}",
  journal = {\apjl},
archivePrefix = "arXiv",
   eprint = {1005.0385},
 primaryClass = "astro-ph.CO",
 keywords = {Galaxy: bulge, Galaxy: kinematics and dynamics, galaxies: kinematics and dynamics },
     year = 2010,
    month = sep,
   volume = 720,
    pages = {L72-L76},
      doi = {10.1088/2041-8205/720/1/L72},
   adsurl = {http://adsabs.harvard.edu/abs/2010ApJ...720L..72S},
  adsnote = {Provided by the SAO/NASA Astrophysics Data System}
}

@ARTICLE{2010arXiv1010.0679H,
   author = {{Hammer}, F. and {Yang}, Y.~B. and {Wang}, J.~L. and {Puech}, M. and 
	{Flores}, H. and {Fouquet}, S.},
    title = "{Does M31 result from an ancient major merger?}",
  journal = {ArXiv e-prints},
archivePrefix = "arXiv",
   eprint = {1010.0679},
 primaryClass = "astro-ph.GA",
 keywords = {Astrophysics - Galaxy Astrophysics},
     year = 2010,
    month = oct,
   adsurl = {http://adsabs.harvard.edu/abs/2010arXiv1010.0679H},
  adsnote = {Provided by the SAO/NASA Astrophysics Data System}
}

/////////////////////////////////////////////////////////////////////////////////////////////////////7

@ARTICLE{Braun92,
   author = {{Braun}, R. and {Walterbos}, R.~A.~M.},
    title = "{Physical properties of neutral gas in M31 and the Galaxy}",
  journal = {\apj},
 keywords = {ANDROMEDA GALAXY, EMISSION SPECTRA, H LINES, INTERSTELLAR GAS, MILKY WAY GALAXY, NEUTRAL GASES, ABSORPTION SPECTRA, COMPUTATIONAL ASTROPHYSICS, COSMIC DUST},
     year = 1992,
    month = feb,
   volume = 386,
    pages = {120-138},
      doi = {10.1086/170998},
   adsurl = {http://adsabs.harvard.edu/abs/1992ApJ...386..120B},
  adsnote = {Provided by the SAO/NASA Astrophysics Data System}
}
@ARTICLE{Cram80,
   author = {{Cram}, T.~R. and {Roberts}, M.~S. and {Whitehurst}, R.~N.},
    title = "{A complete, high-sensitivity 21-cm hydrogen line survey of M31}",
  journal = {\aaps},
 keywords = {ANDROMEDA GALAXY, H LINES, MICROWAVE SPECTRA, RADIO ASTRONOMY, ASTRONOMICAL MAPS, ASTRONOMICAL PHOTOGRAPHY, DATA REDUCTION, GALACTIC ROTATION, HYDROGEN ATOMS, RADIAL VELOCITY, RADIO ANTENNAS, RADIO TELESCOPES, VELOCITY DISTRIBUTION},
     year = 1980,
    month = may,
   volume = 40,
    pages = {215-248},
   adsurl = {http://adsabs.harvard.edu/abs/1980A%26AS...40..215C},
  adsnote = {Provided by the SAO/NASA Astrophysics Data System}
}



@ARTICLE{Nieten06,
   author = {{Nieten}, C. and {Neininger}, N. and {Gu{\'e}lin}, M. and {Ungerechts}, H. and 
	{Lucas}, R. and {Berkhuijsen}, E.~M. and {Beck}, R. and {Wielebinski}, R.
	},
    title = "{Molecular gas in the Andromeda galaxy}",
  journal = {\aap},
   eprint = {arXiv:astro-ph/0512563},
 keywords = {ISM: molecules, galaxies: individual: M 31, galaxies: ISM, galaxies: spiral, radio lines: galaxies},
     year = 2006,
    month = jul,
   volume = 453,
    pages = {459-475},
      doi = {10.1051/0004-6361:20035672},
   adsurl = {http://adsabs.harvard.edu/abs/2006A%26A...453..459N},
  adsnote = {Provided by the SAO/NASA Astrophysics Data System}
}


@ARTICLE{Yin09,
   author = {{Yin}, J. and {Hou}, J.~L. and {Prantzos}, N. and {Boissier}, S. and 
	{Chang}, R.~X. and {Shen}, S.~Y. and {Zhang}, B.},
    title = "{Milky Way versus Andromeda: a tale of two disks}",
  journal = {\aap},
archivePrefix = "arXiv",
   eprint = {0906.4821},
 primaryClass = "astro-ph.GA",
 keywords = {Galaxy: disk, Galaxy: formation, galaxies: evolution, Local Group, galaxies: individual: M 31, galaxies: abundances},
     year = 2009,
    month = oct,
   volume = 505,
    pages = {497-508},
      doi = {10.1051/0004-6361/200912316},
   adsurl = {http://adsabs.harvard.edu/abs/2009A%26A...505..497Y},
  adsnote = {Provided by the SAO/NASA Astrophysics Data System}
}

@INPROCEEDINGS{Kulkarni87,
   author = {{Kulkarni}, S.~R. and {Heiles}, C.},
    title = "{The atomic component}",
 keywords = {GALACTIC STRUCTURE, H I REGIONS, INTERSTELLAR MATTER, MASS DISTRIBUTION, ASTRONOMICAL SPECTROSCOPY, GALACTIC COSMIC RAYS, GALACTIC MASS, INTERSTELLAR EXTINCTION, OPTICAL THICKNESS, TEMPERATURE DISTRIBUTION},
booktitle = {Interstellar Processes},
     year = 1987,
   series = {Astrophysics and Space Science Library},
   volume = 134,
   editor = {{Hollenbach}, D.~J. and {Thronson}, Jr., H.~A.},
    pages = {87-122},
   adsurl = {http://adsabs.harvard.edu/abs/1987ASSL..134...87K},
  adsnote = {Provided by the SAO/NASA Astrophysics Data System}
}

@INPROCEEDINGS{Dame93,
   author = {{Dame}, T.~M.},
    title = "{The distribution of neutral gas in the Milky Way}",
booktitle = {Back to the Galaxy},
     year = 1993,
   series = {American Institute of Physics Conference Series},
   volume = 278,
   editor = {{Holt}, S.~S. and {Verter}, F.},
    pages = {267-278},
      doi = {10.1063/1.43985},
   adsurl = {http://adsabs.harvard.edu/abs/1993AIPC..278..267D},
  adsnote = {Provided by the SAO/NASA Astrophysics Data System}
}

@ARTICLE{Boissier99,
   author = {{Boissier}, S. and {Prantzos}, N.},
    title = "{Chemo-spectrophotometric evolution of spiral galaxies - I. The model and the Milky Way}",
  journal = {\mnras},
   eprint = {arXiv:astro-ph/9902148},
     year = 1999,
    month = aug,
   volume = 307,
    pages = {857-876},
      doi = {10.1046/j.1365-8711.1999.02699.x},
   adsurl = {http://adsabs.harvard.edu/abs/1999MNRAS.307..857B},
  adsnote = {Provided by the SAO/NASA Astrophysics Data System}
}


@ARTICLE{Dehnen1998,
   author = {{Dehnen}, W. and {Binney}, J.},
    title = "{Mass models of the Milky Way}",
  journal = {\mnras},
   eprint = {arXiv:astro-ph/9612059},
 keywords = {MILKY WAY GALAXY, GALACTIC MASS, ASTRONOMICAL MODELS, GALACTIC STRUCTURE, MASS DISTRIBUTION, GALACTIC HALOS, LUMINOSITY, DENSITY DISTRIBUTION},
     year = 1998,
    month = mar,
   volume = 294,
    pages = {429},
      doi = {10.1046/j.1365-8711.1998.01282.x},
   adsurl = {http://adsabs.harvard.edu/abs/1998MNRAS.294..429D},
  adsnote = {Provided by the SAO/NASA Astrophysics Data System}
}



@ARTICLE{Geehan2006,
   author = {{Geehan}, J.~J. and {Fardal}, M.~A. and {Babul}, A. and {Guhathakurta}, P.
	},
    title = "{Investigating the Andromeda stream - I. Simple analytic bulge-disc-halo model for M31}",
  journal = {\mnras},
   eprint = {arXiv:astro-ph/0501240},
 keywords = {galaxies: individual: M31, galaxies: kinematics and dynamics},
     year = 2006,
    month = mar,
   volume = 366,
    pages = {996-1011},
      doi = {10.1111/j.1365-2966.2005.09863.x},
   adsurl = {http://adsabs.harvard.edu/abs/2006MNRAS.366..996G},
  adsnote = {Provided by the SAO/NASA Astrophysics Data System}
}


@ARTICLE{Widrow2005,
   author = {{Widrow}, L.~M. and {Dubinski}, J.},
    title = "{Equilibrium Disk-Bulge-Halo Models for the Milky Way and Andromeda Galaxies}",
  journal = {\apj},
   eprint = {arXiv:astro-ph/0506177},
 keywords = {Cosmology: Dark Matter, Galaxies: Individual: Messier Number: M31, Galaxies: Structure, Galaxy: General, Methods: n-Body Simulations},
     year = 2005,
    month = oct,
   volume = 631,
    pages = {838-855},
      doi = {10.1086/432710},
   adsurl = {http://adsabs.harvard.edu/abs/2005ApJ...631..838W},
  adsnote = {Provided by the SAO/NASA Astrophysics Data System}
}



@ARTICLE{Klypin2002,
   author = {{Klypin}, A. and {Zhao}, H. and {Somerville}, R.~S.},
    title = "{{$\Lambda$}CDM-based Models for the Milky Way and M31. I. Dynamical Models}",
  journal = {\apj},
   eprint = {arXiv:astro-ph/0110390},
 keywords = {Cosmology: Theory, Galaxies: Individual: Messier Number: M31, Galaxy: Structure},
     year = 2002,
    month = jul,
   volume = 573,
    pages = {597-613},
      doi = {10.1086/340656},
   adsurl = {http://adsabs.harvard.edu/abs/2002ApJ...573..597K},
  adsnote = {Provided by the SAO/NASA Astrophysics Data System}
}

SAMs  SAMs  SAMs 

@ARTICLE{1978MNRAS.183..341W,
   author = {{White}, S.~D.~M. and {Rees}, M.~J.},
    title = "{Core condensation in heavy halos - A two-stage theory for galaxy formation and clustering}",
  journal = {\mnras},
 keywords = {ASTRONOMICAL MODELS, GALACTIC CLUSTERS, GALACTIC EVOLUTION, GALACTIC NUCLEI, GRAVITATIONAL EFFECTS, HALOS, CRITICAL MASS, DARK MATTER, DYNAMIC MODELS, INTERSTELLAR GAS, LUMINOSITY, MANY BODY PROBLEM, RED SHIFT},
     year = 1978,
    month = may,
   volume = 183,
    pages = {341-358},
   adsurl = {http://adsabs.harvard.edu/abs/1978MNRAS.183..341W},
  adsnote = {Provided by the SAO/NASA Astrophysics Data System}
}


@ARTICLE{1991ApJ...379...52W,
   author = {{White}, S.~D.~M. and {Frenk}, C.~S.},
    title = "{Galaxy formation through hierarchical clustering}",
  journal = {\apj},
 keywords = {GALACTIC CLUSTERS, GALACTIC EVOLUTION, GALACTIC STRUCTURE, STAR DISTRIBUTION, STAR FORMATION, ANALYTIC FUNCTIONS, BRIGHTNESS DISTRIBUTION, COSMOLOGY, DARK MATTER, HALOS, NUMERICAL ANALYSIS},
     year = 1991,
    month = sep,
   volume = 379,
    pages = {52-79},
      doi = {10.1086/170483},
   adsurl = {http://adsabs.harvard.edu/abs/1991ApJ...379...52W},
  adsnote = {Provided by the SAO/NASA Astrophysics Data System}
}

@ARTICLE{1974ApJ...187..425P,
   author = {{Press}, W.~H. and {Schechter}, P.},
    title = "{Formation of Galaxies and Clusters of Galaxies by Self-Similar Gravitational Condensation}",
  journal = {\apj},
     year = 1974,
    month = feb,
   volume = 187,
    pages = {425-438},
      doi = {10.1086/152650},
   adsurl = {http://adsabs.harvard.edu/abs/1974ApJ...187..425P},
  adsnote = {Provided by the SAO/NASA Astrophysics Data System}
}



codes codes codes


@ARTICLE{2010arXiv1008.1786B,
   author = {{Benson}, A.~J.},
    title = "{Galacticus: A Semi-Analytic Model of Galaxy Formation}",
  journal = {ArXiv e-prints},
archivePrefix = "arXiv",
   eprint = {1008.1786},
 primaryClass = "astro-ph.CO",
 keywords = {Astrophysics - Cosmology and Extragalactic Astrophysics, Astrophysics - Galaxy Astrophysics},
     year = 2010,
    month = aug,
   adsurl = {http://adsabs.harvard.edu/abs/2010arXiv1008.1786B},
  adsnote = {Provided by the SAO/NASA Astrophysics Data System}
}


@ARTICLE{2005MNRAS.364.1105S,
   author = {{Springel}, V.},
    title = "{The cosmological simulation code GADGET-2}",
  journal = {\mnras},
   eprint = {arXiv:astro-ph/0505010},
 keywords = {methods: numerical, galaxies: interactions, dark matter},
     year = 2005,
    month = dec,
   volume = 364,
    pages = {1105-1134},
      doi = {10.1111/j.1365-2966.2005.09655.x},
   adsurl = {http://adsabs.harvard.edu/abs/2005MNRAS.364.1105S},
  adsnote = {Provided by the SAO/NASA Astrophysics Data System}
}

@ARTICLE{2002A&A...385..337T,
   author = {{Teyssier}, R.},
    title = "{Cosmological hydrodynamics with adaptive mesh refinement. A new high resolution code called RAMSES}",
  journal = {\aap},
   eprint = {arXiv:astro-ph/0111367},
 keywords = {GRAVITATION, HYDRODYNAMICS, METHODS: NUMERICAL, COSMOLOGY: THEORY, COSMOLOGY: LARGE-SCALE STRUCTURE OF UNIVERSE},
     year = 2002,
    month = apr,
   volume = 385,
    pages = {337-364},
      doi = {10.1051/0004-6361:20011817},
   adsurl = {http://adsabs.harvard.edu/abs/2002A%26A...385..337T},
  adsnote = {Provided by the SAO/NASA Astrophysics Data System}
}


@ARTICLE{2010MNRAS.401..791S,
   author = {{Springel}, V.},
    title = "{E pur si muove: Galilean-invariant cosmological hydrodynamical simulations on a moving mesh}",
  journal = {\mnras},
archivePrefix = "arXiv",
   eprint = {0901.4107},
 primaryClass = "astro-ph.CO",
 keywords = {methods: numerical, galaxies: interactions, cosmology: dark matter},
     year = 2010,
    month = jan,
   volume = 401,
    pages = {791-851},
      doi = {10.1111/j.1365-2966.2009.15715.x},
   adsurl = {http://adsabs.harvard.edu/abs/2010MNRAS.401..791S},
  adsnote = {Provided by the SAO/NASA Astrophysics Data System}
}

@ARTICLE{2010MNRAS.405.1573B,
   author = {{Benson}, A.~J. and {Bower}, R.},
    title = "{Galaxy formation spanning cosmic history}",
  journal = {\mnras},
archivePrefix = "arXiv",
   eprint = {1003.0011},
 primaryClass = "astro-ph.CO",
 keywords = {galaxies: evolution, galaxies: formation, galaxies: general, galaxies: high-redshift, intergalactic medium},
     year = 2010,
    month = jul,
   volume = 405,
    pages = {1573-1623},
      doi = {10.1111/j.1365-2966.2010.16592.x},
   adsurl = {http://adsabs.harvard.edu/abs/2010MNRAS.405.1573B},
  adsnote = {Provided by the SAO/NASA Astrophysics Data System}
}

@ARTICLE{2006ApJ...641....1T,
   author = {{Tumlinson}, J.},
    title = "{Chemical Evolution in Hierarchical Models of Cosmic Structure. I. Constraints on the Early Stellar Initial Mass Function}",
  journal = {\apj},
   eprint = {arXiv:astro-ph/0507442},
 keywords = {Cosmology: Theory, Galaxies: Evolution, Galaxies: Formation, Galaxy: Evolution, Galaxy: Formation, Stars: Abundances, Stars: Luminosity Function, Mass Function},
     year = 2006,
    month = apr,
   volume = 641,
    pages = {1-20},
      doi = {10.1086/500383},
   adsurl = {http://adsabs.harvard.edu/abs/2006ApJ...641....1T},
  adsnote = {Provided by the SAO/NASA Astrophysics Data System}
}



feedback feedback  feedback

@ARTICLE{2006MNRAS.365...11C,
   author = {{Croton}, D.~J. and {Springel}, V. and {White}, S.~D.~M. and 
	{De Lucia}, G. and {Frenk}, C.~S. and {Gao}, L. and {Jenkins}, A. and 
	{Kauffmann}, G. and {Navarro}, J.~F. and {Yoshida}, N.},
    title = "{The many lives of active galactic nuclei: cooling flows, black holes and the luminosities and colours of galaxies}",
  journal = {\mnras},
   eprint = {arXiv:astro-ph/0508046},
 keywords = {black hole physics, galaxies: active, cooling flows, galaxies: evolution, galaxies: formation, cosmology: theory},
     year = 2006,
    month = jan,
   volume = 365,
    pages = {11-28},
      doi = {10.1111/j.1365-2966.2005.09675.x},
   adsurl = {http://adsabs.harvard.edu/abs/2006MNRAS.365...11C},
  adsnote = {Provided by the SAO/NASA Astrophysics Data System}
}





surveys surveys  surveys


@ARTICLE{2009ApJS..182..543A,
   author = {{Abazajian}, K.~N. and {Adelman-McCarthy}, J.~K. and {Ag{\"u}eros}, M.~A. and 
	{Allam}, S.~S. and {Allende Prieto}, C. and {An}, D. and {Anderson}, K.~S.~J. and 
	{Anderson}, S.~F. and {Annis}, J. and {Bahcall}, N.~A. and et al.},
    title = "{The Seventh Data Release of the Sloan Digital Sky Survey}",
  journal = {\apjs},
archivePrefix = "arXiv",
   eprint = {0812.0649},
 keywords = {atlases, catalogs, surveys},
     year = 2009,
    month = jun,
   volume = 182,
      eid = {543},
    pages = {543-558},
      doi = {10.1088/0067-0049/182/2/543},
   adsurl = {http://adsabs.harvard.edu/abs/2009ApJS..182..543A},
  adsnote = {Provided by the SAO/NASA Astrophysics Data System}
}

@ARTICLE{2009arXiv0912.0201L,
   author = {{LSST Science Collaboration} and {Abell}, P.~A. and {Allison}, J. and 
	{Anderson}, S.~F. and {Andrew}, J.~R. and {Angel}, J.~R.~P. and 
	{Armus}, L. and {Arnett}, D. and {Asztalos}, S.~J. and {Axelrod}, T.~S. and et al.},
    title = "{LSST Science Book, Version 2.0}",
  journal = {ArXiv e-prints},
archivePrefix = "arXiv",
   eprint = {0912.0201},
 primaryClass = "astro-ph.IM",
 keywords = {Astrophysics - Instrumentation and Methods for Astrophysics, Astrophysics - Cosmology and Extragalactic Astrophysics, Astrophysics - Earth and Planetary Astrophysics, Astrophysics - Galaxy Astrophysics, Astrophysics - Solar and Stellar Astrophysics},
     year = 2009,
    month = dec,
   adsurl = {http://adsabs.harvard.edu/abs/2009arXiv0912.0201L},
  adsnote = {Provided by the SAO/NASA Astrophysics Data System}
}

@ARTICLE{2011Msngr.146....2C,
   author = {{Capaccioli}, M. and {Schipani}, P.},
    title = "{The VLT Survey Telescope Opens to the Sky: History of a Commissioning}",
  journal = {The Messenger},
     year = 2011,
    month = dec,
   volume = 146,
    pages = {2-7},
   adsurl = {http://adsabs.harvard.edu/abs/2011Msngr.146....2C},
  adsnote = {Provided by the SAO/NASA Astrophysics Data System}
}



@INPROCEEDINGS{2009AAS...21341614N,
   author = {{Newberg}, H.~J. and {China}, L.~p.~o. and {in LAMOST}, P. and 
	{(PLUS)}, U.},
    title = "{The LAMOST Spectroscopic Survey of Milky Way Stars (LEGUE)}",
booktitle = {American Astronomical Society Meeting Abstracts \#213},
     year = 2009,
   series = {Bulletin of the American Astronomical Society},
   volume = 41,
    month = jan,
    pages = {416.14},
   adsurl = {http://adsabs.harvard.edu/abs/2009AAS...21341614N},
  adsnote = {Provided by the SAO/NASA Astrophysics Data System}
}

@ARTICLE{2007PASA...24....1K,
   author = {{Keller}, S.~C. and {Schmidt}, B.~P. and {Bessell}, M.~S. and 
	{Conroy}, P.~G. and {Francis}, P. and {Granlund}, A. and {Kowald}, E. and 
	{Oates}, A.~P. and {Martin-Jones}, T. and {Preston}, T. and 
	{Tisserand}, P. and {Vaccarella}, A. and {Waterson}, M.~F.},
    title = "{The SkyMapper Telescope and The Southern Sky Survey}",
  journal = {PASA},
   eprint = {arXiv:astro-ph/0702511},
 keywords = {telescopes, surveys, techniques: photometry,},
     year = 2007,
    month = may,
   volume = 24,
    pages = {1-12},
      doi = {10.1071/AS07001},
   adsurl = {http://adsabs.harvard.edu/abs/2007PASA...24....1K},
  adsnote = {Provided by the SAO/NASA Astrophysics Data System}
}


simulations  simulations  simulations

@ARTICLE{2010arXiv1005.2687G,
   author = {{Gottloeber}, S. and {Hoffman}, Y. and {Yepes}, G.},
    title = "{Constrained Local UniversE Simulations (CLUES)}",
  journal = {ArXiv e-prints},
archivePrefix = "arXiv",
   eprint = {1005.2687},
 primaryClass = "astro-ph.CO",
 keywords = {Astrophysics - Cosmology and Extragalactic Astrophysics},
     year = 2010,
    month = may,
   adsurl = {http://adsabs.harvard.edu/abs/2010arXiv1005.2687G},
  adsnote = {Provided by the SAO/NASA Astrophysics Data System}
}


@ARTICLE{2005Natur.435..629S,
   author = {{Springel}, V. and {White}, S.~D.~M. and {Jenkins}, A. and {Frenk}, C.~S. and 
	{Yoshida}, N. and {Gao}, L. and {Navarro}, J. and {Thacker}, R. and 
	{Croton}, D. and {Helly}, J. and {Peacock}, J.~A. and {Cole}, S. and 
	{Thomas}, P. and {Couchman}, H. and {Evrard}, A. and {Colberg}, J. and 
	{Pearce}, F.},
    title = "{Simulations of the formation, evolution and clustering of galaxies and quasars}",
  journal = {\nat},
   eprint = {arXiv:astro-ph/0504097},
     year = 2005,
    month = jun,
   volume = 435,
    pages = {629-636},
      doi = {10.1038/nature03597},
   adsurl = {http://adsabs.harvard.edu/abs/2005Natur.435..629S},
  adsnote = {Provided by the SAO/NASA Astrophysics Data System}
}


@ARTICLE{2011ApJ...740..102K,
   author = {{Klypin}, A.~A. and {Trujillo-Gomez}, S. and {Primack}, J.},
    title = "{Dark Matter Halos in the Standard Cosmological Model: Results from the Bolshoi Simulation}",
  journal = {\apj},
archivePrefix = "arXiv",
   eprint = {1002.3660},
 primaryClass = "astro-ph.CO",
 keywords = {cosmology: theory, large-scale structure of universe, methods: numerical},
     year = 2011,
    month = oct,
   volume = 740,
      eid = {102},
    pages = {102},
      doi = {10.1088/0004-637X/740/2/102},
   adsurl = {http://adsabs.harvard.edu/abs/2011ApJ...740..102K},
  adsnote = {Provided by the SAO/NASA Astrophysics Data System}
}

@ARTICLE{2008MNRAS.391.1685S,
   author = {{Springel}, V. and {Wang}, J. and {Vogelsberger}, M. and {Ludlow}, A. and 
	{Jenkins}, A. and {Helmi}, A. and {Navarro}, J.~F. and {Frenk}, C.~S. and 
	{White}, S.~D.~M.},
    title = "{The Aquarius Project: the subhaloes of galactic haloes}",
  journal = {\mnras},
archivePrefix = "arXiv",
   eprint = {0809.0898},
 keywords = {methods: numerical , dark matter},
     year = 2008,
    month = dec,
   volume = 391,
    pages = {1685-1711},
      doi = {10.1111/j.1365-2966.2008.14066.x},
   adsurl = {http://adsabs.harvard.edu/abs/2008MNRAS.391.1685S},
  adsnote = {Provided by the SAO/NASA Astrophysics Data System}
}
